@inproceedings{Pnueli77,
  author    = {Amir Pnueli},
  title     = {The Temporal Logic of Programs},
  booktitle = {18th Annual Symposium on Foundations of Computer Science, Providence,
               Rhode Island, USA, 31 October - 1 November 1977},
  pages     = {46--57},
  year      = {1977},
  crossref  = {DBLP:conf/focs/FOCS18},
  doi       = {10.1109/SFCS.1977.32},
  timestamp = {Fri, 19 May 2017 01:26:00 +0200},
  biburl    = {https://dblp.org/rec/bib/conf/focs/Pnueli77},
  bibsource = {dblp computer science bibliography, https://dblp.org}
}
@proceedings{DBLP:conf/focs/FOCS18,
  title     = {18th Annual Symposium on Foundations of Computer Science, Providence,
               Rhode Island, USA, 31 October - 1 November 1977},
  publisher = {{IEEE} Computer Society},
  year      = {1977},
  timestamp = {Mon, 15 Dec 2014 18:48:44 +0100},
  biburl    = {https://dblp.org/rec/bib/conf/focs/FOCS18},
  bibsource = {dblp computer science bibliography, https://dblp.org}
}
@inproceedings{Mazala01,
  author    = {Ren{\'{e}} Mazala},
  title     = {Infinite Games},
  booktitle = {Automata, Logics, and Infinite Games: {A} Guide to Current Research
               [outcome of a Dagstuhl seminar, February 2001]},
  pages     = {23--42},
  year      = {2001},
  crossref  = {DBLP:conf/dagstuhl/2001automata},
  doi       = {10.1007/3-540-36387-4_2},
  timestamp = {Mon, 29 May 2017 16:53:44 +0200},
  biburl    = {https://dblp.org/rec/bib/conf/dagstuhl/Mazala01},
  bibsource = {dblp computer science bibliography, https://dblp.org}
}
@proceedings{DBLP:conf/dagstuhl/2001automata,
  editor    = {Erich Gr{\"{a}}del and
               Wolfgang Thomas and
               Thomas Wilke},
  title     = {Automata, Logics, and Infinite Games: {A} Guide to Current Research
               [outcome of a Dagstuhl seminar, February 2001]},
  series    = {Lecture Notes in Computer Science},
  volume    = {2500},
  publisher = {Springer},
  year      = {2002},
  doi       = {10.1007/3-540-36387-4},
  isbn      = {3-540-00388-6},
  timestamp = {Mon, 29 May 2017 16:53:44 +0200},
  biburl    = {https://dblp.org/rec/bib/conf/dagstuhl/2001automata},
  bibsource = {dblp computer science bibliography, https://dblp.org}
}

@inproceedings{Falcone10,
  author    = {Yli{\`{e}}s Falcone},
  title     = {You Should Better Enforce Than Verify},
  booktitle = {Runtime Verification - First International Conference, {RV} 2010,
               St. Julians, Malta, November 1-4, 2010. Proceedings},
  pages     = {89--105},
  year      = {2010},
  doi       = {10.1007/978-3-642-16612-9_9},
  timestamp = {Wed, 17 May 2017 14:24:47 +0200},
  biburl    = {https://dblp.org/rec/bib/conf/rv/Falcone10},
  bibsource = {dblp computer science bibliography, https://dblp.org}
}


@phdthesis{Schewe08,
  author    = {Sven Schewe},
  title     = {Synthesis of distributed systems},
  school    = {Saarland University, Saarbr{\"{u}}cken, Germany},
  year      = {2008},
  urn       = {urn:nbn:de:bsz:291-scidok-20459},
  timestamp = {Tue, 06 Dec 2016 14:05:13 +0100},
  biburl    = {http://dblp.org/rec/bib/books/daglib/0023286},
  bibsource = {dblp computer science bibliography, http://dblp.org}
}

@article{Schneider00,
  author    = {Fred B. Schneider},
  title     = {Enforceable security policies},
  journal   = {{ACM} Trans. Inf. Syst. Secur.},
  volume    = {3},
  number    = {1},
  pages     = {30--50},
  year      = {2000},
  doi       = {10.1145/353323.353382},
  timestamp = {Fri, 28 Nov 2003 08:53:11 +0100},
  biburl    = {http://dblp.org/rec/bib/journals/tissec/Schneider00},
  bibsource = {dblp computer science bibliography, http://dblp.org}
}

@article{BauerLS11,
  author    = {Andreas Bauer and
               Martin Leucker and
               Christian Schallhart},
  title     = {Runtime Verification for {LTL} and {TLTL}},
  journal   = {{ACM} Trans. Softw. Eng. Methodol.},
  volume    = {20},
  number    = {4},
  pages     = {14:1--14:64},
  year      = {2011},
  doi       = {10.1145/2000799.2000800},
  timestamp = {Tue, 03 Jan 2017 15:18:20 +0100},
  biburl    = {http://dblp.org/rec/bib/journals/tosem/BauerLS11},
  bibsource = {dblp computer science bibliography, http://dblp.org}
}

@article{Netflix,
  title     = {Netflix: 5 lessons we have learned using AWS (2010).},
  url       = {http://techblog.netflix.com/2010/12/5-lessons-weve-learned-using-aws.html}
}


@inproceedings{EhlersT14,
  author    = {R{\"{u}}diger Ehlers and
               Ufuk Topcu},
  title     = {Resilience to intermittent assumption violations in reactive synthesis},
  booktitle = {17th International Conference on Hybrid Systems: Computation and Control
               (part of {CPS} Week), HSCC'14, Berlin, Germany, April 15-17, 2014},
  pages     = {203--212},
  year      = {2014},
  crossref  = {DBLP:conf/hybrid/2014},
  doi       = {10.1145/2562059.2562128},
  timestamp = {Thu, 15 Jun 2017 21:44:38 +0200},
  biburl    = {https://dblp.org/rec/bib/conf/hybrid/EhlersT14},
  bibsource = {dblp computer science bibliography, https://dblp.org}
}
@proceedings{DBLP:conf/hybrid/2014,
  editor    = {Martin Fr{\"{a}}nzle and
               John Lygeros},
  title     = {17th International Conference on Hybrid Systems: Computation and Control
               (part of {CPS} Week), HSCC'14, Berlin, Germany, April 15-17, 2014},
  publisher = {{ACM}},
  year      = {2014},
  isbn      = {978-1-4503-2732-9},
  timestamp = {Tue, 22 Apr 2014 20:53:28 +0200},
  biburl    = {https://dblp.org/rec/bib/conf/hybrid/2014},
  bibsource = {dblp computer science bibliography, https://dblp.org}
}

@article{KonighoferABHKT17,
  author    = {Bettina K{\"{o}}nighofer and
               Mohammed Alshiekh and
               Roderick Bloem and
               Laura Humphrey and
               Robert K{\"{o}}nighofer and
               Ufuk Topcu and
               Chao Wang},
  title     = {Shield synthesis},
  journal   = {Formal Methods in System Design},
  volume    = {51},
  number    = {2},
  pages     = {332--361},
  year      = {2017},
  doi       = {10.1007/s10703-017-0276-9},
  timestamp = {Tue, 21 Nov 2017 14:23:55 +0100},
  biburl    = {https://dblp.org/rec/bib/journals/fmsd/KonighoferABHKT17},
  bibsource = {dblp computer science bibliography, https://dblp.org}
}



@inproceedings{BloemKKW15,
 title={Shield Synthesis},
author={Bloem, Roderick and K{\"o}nighofer, Bettina and K{\"o}nighofer, Robert and Wang, Chao},
booktitle={International Conference on Tools and Algorithms for the Construction and Analysis of Systems},
pages={533--548},
year={2015},
organization={Springer}
}


@article{bernet2002,
  title={Permissive strategies: from parity games to safety games},
  author={Bernet, Julien and Janin, David and Walukiewicz, Igor},
  journal={RAIRO-Theoretical Informatics and Applications},
  volume={36},
  number={3},
  pages={261--275},
  year={2002},
  publisher={EDP Sciences}
}

@inproceedings{jing2013,
  author    = {Gangyuan Jing and
               R{\"{u}}diger Ehlers and
               Hadas Kress{-}Gazit},
  title     = {Shortcut through an evil door: Optimality of correct-by-construction
               controllers in adversarial environments},
  booktitle = {2013 {IEEE/RSJ} International Conference on Intelligent Robots and
               Systems, Tokyo, Japan, November 3-7, 2013},
  pages     = {4796--4802},
  year      = {2013},
  doi       = {10.1109/IROS.2013.6697048},
  timestamp = {Thu, 15 Jun 2017 21:41:28 +0200},
  biburl    = {https://dblp.org/rec/bib/conf/iros/JingEK13},
  bibsource = {dblp computer science bibliography, https://dblp.org}
}


@proceedings{EhlersR16,
  editor    = {Swarat Chaudhuri and
               Azadeh Farzan},
  title     = {Computer Aided Verification - 28th International Conference, {CAV}
               2016, Toronto, ON, Canada, July 17-23, 2016, Proceedings, Part {II}},
  series    = {Lecture Notes in Computer Science},
  volume    = {9780},
  publisher = {Springer},
  year      = {2016},
  doi       = {10.1007/978-3-319-41540-6},
  isbn      = {978-3-319-41539-0},
  timestamp = {Thu, 25 May 2017 00:39:07 +0200},
  biburl    = {https://dblp.org/rec/bib/conf/cav/2016-2},
  bibsource = {dblp computer science bibliography, https://dblp.org}
}

@article{ZwickP96,
  author    = {Uri Zwick and
               Mike Paterson},
  title     = {The Complexity of Mean Payoff Games on Graphs},
  journal   = {Theor. Comput. Sci.},
  volume    = {158},
  number    = {1{\&}2},
  pages     = {343--359},
  year      = {1996},
  doi       = {10.1016/0304-3975(95)00188-3},
  timestamp = {Sun, 28 May 2017 13:20:09 +0200},
  biburl    = {https://dblp.org/rec/bib/journals/tcs/ZwickP96},
  bibsource = {dblp computer science bibliography, https://dblp.org}
}

@incollection{FrancalanzaPS18,
  author    = {Adrian Francalanza and
               Jorge A. P{\'{e}}rez and
               C{\'{e}}sar S{\'{a}}nchez},
  title     = {Runtime Verification for Decentralised and Distributed Systems},
  booktitle = {Lectures on Runtime Verification - Introductory and Advanced Topics},
  pages     = {176--210},
  year      = {2018},

  doi       = {10.1007/978-3-319-75632-5_6},
  timestamp = {Wed, 14 Feb 2018 12:47:13 +0100},
  biburl    = {https://dblp.org/rec/bib/series/lncs/FrancalanzaPS18},
  bibsource = {dblp computer science bibliography, https://dblp.org}
}



@article{FinkbeinerS13,
  author    = {Bernd Finkbeiner and
               Sven Schewe},
  title     = {Bounded synthesis},
  journal   = {{STTT}},
  volume    = {15},
  number    = {5-6},
  pages     = {519--539},
  year      = {2013},
  doi       = {10.1007/s10009-012-0228-z},
  timestamp = {Wed, 14 Jun 2017 20:35:11 +0200},
  biburl    = {https://dblp.org/rec/bib/journals/sttt/FinkbeinerS13},
  bibsource = {dblp computer science bibliography, https://dblp.org}
}

@proceedings{ZhangW14,
  editor    = {Corina S. Pasareanu and
               Darko Marinov},
  title     = {International Symposium on Software Testing and Analysis, {ISSTA}
               '14, San Jose, CA, {USA} - July 21 - 26, 2014},
  publisher = {{ACM}},
  year      = {2014},
  doi       = {10.1145/2610384},
  isbn      = {978-1-4503-2645-2},
  timestamp = {Fri, 03 Feb 2017 11:58:40 +0100},
  biburl    = {https://dblp.org/rec/bib/conf/issta/2014},
  bibsource = {dblp computer science bibliography, https://dblp.org}
}


@inproceedings{FalconeFM08,
  author    = {Yli{\`{e}}s Falcone and
               Jean{-}Claude Fernandez and
               Laurent Mounier},
  title     = {Synthesizing Enforcement Monitors wrt. the Safety-Progress Classification
               of Properties},
  booktitle = {Information Systems Security, 4th International Conference, {ICISS}
               2008, Hyderabad, India, December 16-20, 2008. Proceedings},
  pages     = {41--55},
  year      = {2008},
  crossref  = {DBLP:conf/iciss/2008},
  doi       = {10.1007/978-3-540-89862-7_3},
  timestamp = {Tue, 13 Jun 2017 10:37:56 +0200},
  biburl    = {https://dblp.org/rec/bib/conf/iciss/FalconeFM08},
  bibsource = {dblp computer science bibliography, https://dblp.org}
}
@proceedings{DBLP:conf/iciss/2008,
  editor    = {R. Sekar and
               Arun K. Pujari},
  title     = {Information Systems Security, 4th International Conference, {ICISS}
               2008, Hyderabad, India, December 16-20, 2008. Proceedings},
  series    = {Lecture Notes in Computer Science},
  volume    = {5352},
  publisher = {Springer},
  year      = {2008},
  doi       = {10.1007/978-3-540-89862-7},
  isbn      = {978-3-540-89861-0},
  timestamp = {Tue, 13 Jun 2017 10:37:56 +0200},
  biburl    = {https://dblp.org/rec/bib/conf/iciss/2008},
  bibsource = {dblp computer science bibliography, https://dblp.org}
}



@article{FrancalanzaS15,
  author    = {Adrian Francalanza and
               Aldrin Seychell},
  title     = {Synthesising correct concurrent runtime monitors},
  journal   = {Formal Methods in System Design},
  volume    = {46},
  number    = {3},
  pages     = {226--261},
  year      = {2015},
  doi       = {10.1007/s10703-014-0217-9},
  timestamp = {Sat, 27 May 2017 14:24:05 +0200},
  biburl    = {https://dblp.org/rec/bib/journals/fmsd/FrancalanzaS15},
  bibsource = {dblp computer science bibliography, https://dblp.org}
}

@article{BauerF16,
  author    = {Andreas Bauer and
               Yli{\`{e}}s Falcone},
  title     = {Decentralised {LTL} monitoring},
  journal   = {Formal Methods in System Design},
  volume    = {48},
  number    = {1-2},
  pages     = {46--93},
  year      = {2016},
  doi       = {10.1007/s10703-016-0253-8}
}

@inproceedings{LuoR13,
  author    = {Qingzhou Luo and
               Grigore Rosu},
  title     = {EnforceMOP: a runtime property enforcement system for multithreaded
               programs},
  booktitle = {International Symposium on Software Testing and Analysis, {ISSTA}
               '13, Lugano, Switzerland, July 15-20, 2013},
  pages     = {156--166},
  year      = {2013},
   doi       = {10.1145/2483760.2483766},
  publisher = {{ACM}},
}

@inproceedings{VechevYY09,
  author    = {Martin T. Vechev and
               Eran Yahav and
               Greta Yorsh},
  title     = {Inferring Synchronization under Limited Observability},
  booktitle = {Tools and Algorithms for the Construction and Analysis of Systems,
               15th International Conference, {TACAS} 2009, Held as Part of the Joint
               European Conferences on Theory and Practice of Software, {ETAPS} 2009,
               York, UK, March 22-29, 2009. Proceedings},
  pages     = {139--154},
  year      = {2009},
  doi       = {10.1007/978-3-642-00768-2_13},
  series    = {Lecture Notes in Computer Science},
  volume    = {5505},
  publisher = {Springer},
  }

@book{LecturesOnRuntimeVerification,
  editor    = {Ezio Bartocci and
               Yli{\`{e}}s Falcone},
  title     = {Lectures on Runtime Verification - Introductory and Advanced Topics},
  series    = {Lecture Notes in Computer Science},
  volume    = {10457},
  publisher = {Springer},
  year      = {2018},
  doi       = {10.1007/978-3-319-75632-5},
  isbn      = {978-3-319-75631-8},
  timestamp = {Wed, 14 Feb 2018 12:45:56 +0100},
  biburl    = {https://dblp.org/rec/bib/series/lncs/10457},
  bibsource = {dblp computer science bibliography, https://dblp.org}
}
@inproceedings{CassarF16,
  author    = {Ian Cassar and
               Adrian Francalanza},
  title     = {On Implementing a Monitor-Oriented Programming Framework for Actor
               Systems},
  booktitle = {Integrated Formal Methods - 12th International Conference, {IFM} 2016,
               Reykjavik, Iceland, June 1-5, 2016, Proceedings},
  pages     = {176--192},
  year      = {2016},
  doi       = {10.1007/978-3-319-33693-0_12},
  series    = {Lecture Notes in Computer Science},
  volume    = {9681},
  publisher = {Springer},
}
@article{FalconeJNBB15,
  author    = {Yli{\`{e}}s Falcone and
               Mohamad Jaber and
               Thanh{-}Hung Nguyen and
               Marius Bozga and
               Saddek Bensalem},
  title     = {Runtime verification of component-based systems in the {BIP} framework
               with formally-proved sound and complete instrumentation},
  journal   = {Software and System Modeling},
  volume    = {14},
  number    = {1},
  pages     = {173--199},
  year      = {2015},
  doi       = {10.1007/s10270-013-0323-y},
  timestamp = {Thu, 08 Jun 2017 09:03:32 +0200},
  biburl    = {https://dblp.org/rec/bib/journals/sosym/FalconeJNBB15},
  bibsource = {dblp computer science bibliography, https://dblp.org}
}

@article{LigattiBW09,
  author    = {Jay Ligatti and
               Lujo Bauer and
               David Walker},
  title     = {Run-Time Enforcement of Nonsafety Policies},
  journal   = {{ACM} Trans. Inf. Syst. Secur.},
  volume    = {12},
  number    = {3},
  pages     = {19:1--19:41},
  year      = {2009},
  doi       = {10.1145/1455526.1455532},
  timestamp = {Thu, 08 Jun 2017 09:03:38 +0200},
  biburl    = {https://dblp.org/rec/bib/journals/tissec/LigattiBW09},
  bibsource = {dblp computer science bibliography, https://dblp.org}
}

@article{FalconeFM12,
  author    = {Yli{\`{e}}s Falcone and
               Jean{-}Claude Fernandez and
               Laurent Mounier},
  title     = {What can you verify and enforce at runtime?},
  journal   = {{STTT}},
  volume    = {14},
  number    = {3},
  pages     = {349--382},
  year      = {2012},
  doi       = {10.1007/s10009-011-0196-8},
  timestamp = {Thu, 18 May 2017 09:53:11 +0200},
  biburl    = {https://dblp.org/rec/bib/journals/sttt/FalconeFM12},
  bibsource = {dblp computer science bibliography, https://dblp.org}
}

@proceedings{PitermanP06,
  title     = {21th {IEEE} Symposium on Logic in Computer Science {(LICS} 2006),
               12-15 August 2006, Seattle, WA, USA, Proceedings},
  publisher = {{IEEE} Computer Society},
  year      = {2006},
  isbn      = {0-7695-2631-4},
  timestamp = {Fri, 21 Nov 2014 14:08:56 +0100},
  biburl    = {https://dblp.org/rec/bib/conf/lics/2006},
  bibsource = {dblp computer science bibliography, https://dblp.org}
}
@misc{olivo2016method,
	title={Method and apparatus for warehouse cycle counting using a drone},
	author={Olivo, Craig and Buzaki, Michael},
	year={2016},
	month=aug # "~25",
	publisher={Google Patents},
	note={US Patent App. 15/013,029}
}
@misc{kalyan2015automated,
	title={Automated inventory management system},
	author={Kalyan, Atishkumar and Dunn, Steven Gregory},
	year={2015},
	month=dec # "~22",
	publisher={Google Patents},
	note={US Patent 9,216,857}
}
@inproceedings{semsch2009autonomous,
	title={Autonomous UAV surveillance in complex urban environments},
	author={Semsch, Eduard and Jakob, Michal and Pavlicek, Du{\v{s}}an and Pechoucek, Michal},
	booktitle={Proceedings of the 2009 IEEE/WIC/ACM International Joint Conference on Web Intelligence and Intelligent Agent Technology-Volume 02},
	pages={82--85},
	year={2009},
	organization={IEEE Computer Society}
}
@article{samad2007network,
	title={Network-centric systems for military operations in urban terrain: The role of UAVs},
	author={Samad, Tariq and Bay, John S and Godbole, Datta},
	journal={Proceedings of the IEEE},
	volume={95},
	number={1},
	pages={92--107},
	year={2007},
	publisher={IEEE}
}
@inproceedings{ong2007multi,
	title={Multi-uav system for inventory automation},
	author={Ong, Jin Hock and Sanchez, Abel and Williams, John},
	booktitle={RFID Eurasia, 2007 1st Annual},
	pages={1--6},
	year={2007},
	organization={IEEE}
}
@inproceedings{bertuccelli2009real,
	title={Real-time multi-UAV task assignment in dynamic and uncertain environments},
	author={Bertuccelli, Luca and Choi, Han-Lim and Cho, Peter and How, Jonathan},
	booktitle={AIAA guidance, navigation, and control conference},
	pages={5776},
	year={2009}
}
@inproceedings{sujit2005multi,
	title={Multi-UAV task allocation using team theory},
	author={Sujit, PB and Sinha, A and Ghose, D},
	booktitle={Decision and Control, 2005 and 2005 European Control Conference. CDC-ECC'05. 44th IEEE Conference on},
	pages={1497--1502},
	year={2005},
	organization={IEEE}
}
@inproceedings{rasmussen2018brief,
	title={A Brief Introduction to Unmanned Systems Autonomy Services (UxAS)},
	author={Rasmussen, Steven and Kingston, Derek and Humphrey, Laura},
	booktitle={2018 International Conference on Unmanned Aircraft Systems (ICUAS)},
	pages={257--268},
	year={2018},
	organization={IEEE}
}