@article{smith2011optimal,
  title={Optimal path planning for surveillance with temporal-logic constraints},
  author={Smith, Stephen L and T{\'u}mov{\'a}, Jana and Belta, Calin and Rus, Daniela},
  journal={The International Journal of Robotics Research},
  volume={30},
  number={14},
  pages={1695--1708},
  year={2011},
  publisher={SAGE Publications Sage UK: London, England}
}
@article{bloem2012,
  author    = {Roderick Bloem and
               Barbara Jobstmann and
               Nir Piterman and
               Amir Pnueli and
               Yaniv Sa'ar},
  title     = {Synthesis of Reactive(1) designs},
  journal   = {J. Comput. Syst. Sci.},
  volume    = {78},
  number    = {3},
  pages     = {911--938},
  year      = {2012},
}
@inproceedings{Ehlerslugs,
  author    = {R{\"{u}}diger Ehlers and
               Vasumathi Raman},
  title     = {Slugs: Extensible {GR(1)} Synthesis},
  booktitle = {Computer Aided Verification - 28th International Conference, {CAV}
               2016, Toronto, ON, Canada, July 17-23, 2016, Proceedings, Part {II}},
  pages     = {333--339},
  year      = {2016},
}
@inproceedings{piterman2006,
  author    = {Nir Piterman and
               Amir Pnueli and
               Yaniv Sa'ar},
  title     = {Synthesis of Reactive(1) Designs},
  booktitle = {Verification, Model Checking, and Abstract Interpretation, 7th International
               Conference, {VMCAI} 2006, Charleston, SC, USA, January 8-10, 2006,
               Proceedings},
  pages     = {364--380},
  year      = {2006},
}
@article{Alonso18,
  author    = {Javier Alonso{-}Mora and
               Jonathan A. DeCastro and
               Vasumathi Raman and
               Daniela Rus and
               Hadas Kress{-}Gazit},
  title     = {Reactive mission and motion planning with deadlock resolution avoiding
               dynamic obstacles},
  journal   = {Auton. Robots},
  volume    = {42},
  number    = {4},
  pages     = {801--824},
  year      = {2018},
}
@inproceedings{Moarref18,
  author    = {Salar Moarref and
               Hadas Kress{-}Gazit},
  title     = {Reactive Synthesis for Robotic Swarms},
  booktitle = {Formal Modeling and Analysis of Timed Systems - 16th International
               Conference, {FORMATS} 2018, Beijing, China, September 4-6, 2018, Proceedings},
  pages     = {71--87},
  year      = {2018},
}
@article{bh18,
  author    = {Suda Bharadwaj and
               Rayna Dimitrova and
               Ufuk Topcu},
  title     = {Synthesis of surveillance strategies via belief abstraction},
  journal   = {CoRR},
  volume    = {abs/1709.05363},
  year      = {2017},
  note       = {\url{http://arxiv.org/abs/1709.05363}},
}
@inproceedings{jangcontinuous,
  author    = {Gangyuan Jing and
               Hadas Kress{-}Gazit},
  title     = {Improving the continuous execution of reactive LTL-based controllers},
  booktitle = {2013 {IEEE} International Conference on Robotics and Automation, Karlsruhe,
               Germany, May 6-10, 2013},
  pages     = {5439--5445},
  year      = {2013},
}
@inproceedings{Ehlerscost,
  author    = {Gangyuan Jing and
               R{\"{u}}diger Ehlers and
               Hadas Kress{-}Gazit},
  title     = {Shortcut through an evil door: Optimality of correct-by-construction
               controllers in adversarial environments},
  booktitle = {2013 {IEEE/RSJ} International Conference on Intelligent Robots and
               Systems, Tokyo, Japan, November 3-7, 2013},
  pages     = {4796--4802},
  year      = {2013},
}
@article{goyal2018urban,
  title={Urban Air Mobility (UAM) Market Study},
  author={Goyal, Rohit},
  year={2018}
}
@inproceedings{thipphavong2018urban,
  title={Urban air mobility airspace integration concepts and considerations},
author = {David P. Thipphavong and Rafael Apaza and Bryan Barmore and Vernol Battiste and Barbara Burian and Quang Dao and Michael Feary and Susie Go and Kenneth H. Goodrich and Jeffrey Homola and Husni R. Idris and Parimal H. Kopardekar and Joel B. Lachter and Natasha A. Neogi and Hok Kwan Ng and Rosa M. Oseguera-Lohr and Michael D. Patterson and Savita A. Verma},
  booktitle={2018 Aviation Technology, Integration, and Operations Conference},
  pages={3676},
  year={2018}
}
@article{gipson2017nasa,
  title={Nasa embraces urban air mobility, calls for market study},
  author={Gipson, Lillian},
  journal={NASA. November},
  volume={7},
  year={2017}
}

@article{belta2007symbolic,
  title={Symbolic planning and control of robot motion [grand challenges of robotics]},
  author={Belta, Calin and Bicchi, Antonio and Egerstedt, Magnus and Frazzoli, Emilio and Klavins, Eric and Pappas, George J},
  journal={IEEE Robotics \& Automation Magazine},
  volume={14},
  number={1},
  pages={61--70},
  year={2007},
}
@inproceedings{bloem2009better,
  title={Better quality in synthesis through quantitative objectives},
  author={Bloem, Roderick and Chatterjee, Krishnendu and Henzinger, Thomas A and Jobstmann, Barbara},
  booktitle={International Conference on Computer Aided Verification},
  pages={140--156},
  year={2009},
}
@inproceedings{finucane2010ltlmop,
  title={LTLMoP: Experimenting with language, temporal logic and robot control},
  author={Finucane, Cameron and Jing, Gangyuan and Kress-Gazit, Hadas},
  booktitle={2010 IEEE/RSJ International Conference on Intelligent Robots and Systems},
  pages={1988--1993},
  year={2010},
}
@inproceedings{bhnfm,
  author    = {Suda Bharadwaj and
               Steven Carr and
               Natasha Neogi and
               Hasan Poonawala and
               Alejandro Barberia Chueca and
               Ufuk Topcu},
  title     = {Traffic Management for Urban Air Mobility},
  booktitle = {{NASA} Formal Methods - 11th International Symposium, {NFM} 2019,
               Houston, TX, USA, May 7-9, 2019, Proceedings},
  pages     = {71--87},
  year      = {2019},
}

@inproceedings{AlshiekhShield,
	author = {Mohammed Alshiekh and Roderick Bloem and Rüdiger Ehlers and Bettina Könighofer and Scott Niekum and Ufuk Topcu},
	title = {Safe Reinforcement Learning via Shielding},
	booktitle = {AAAI Conference on Artificial Intelligence},
	year = {2018},
}

@article{Konighofer2017,
author="K{\"o}nighofer, Bettina
and Alshiekh, Mohammed
and Bloem, Roderick
and Humphrey, Laura
and K{\"o}nighofer, Robert
and Topcu, Ufuk
and Wang, Chao",
title="Shield synthesis",
journal="Formal Methods in System Design",
year="2017",
month="Nov",
day="01",
volume="51",
number="2",
pages="332--361",
}

@INPROCEEDINGS{8815233,
author={S. {Bharadwaj} and R. {Bloem} and R. {Dimitrova} and B. {Konighofer} and U. {Topcu}},
booktitle={American Control Conference (ACC)},
title={Synthesis of Minimum-Cost Shields for Multi-agent Systems},
year={2019},
volume={},
number={},
pages={1048-1055},
keywords={},
doi={},
ISSN={},
month={July},}

@book{MCBook,
  title={Principles of model checking},
  author={Baier, Christel and Katoen, Joost-Pieter},
  year={2008},
  publisher={MIT press}
}